@article{bailey2018few,
  title={Few-shot text classification with pre-trained word embeddings and a human in the loop},
  author={Bailey, Katherine and Chopra, Sunny},
  journal={arXiv preprint arXiv:1804.02063},
  year={2018}
}
@article{gronsund2020augmenting,
	title={Augmenting the algorithm: Emerging human-in-the-loop work configurations},
	author={Gr{\o}nsund, Tor and Aanestad, Margunn},
	journal={The Journal of Strategic Information Systems},
	volume={29},
	number={2},
	pages={101614},
	year={2020},
	publisher={Elsevier}
}
@inproceedings{schluter2018glass,
	title={The glass ceiling in NLP},
	author={Schluter, Natalie},
	booktitle={Proceedings of the 2018 Conference on Empirical Methods in Natural Language Processing},
	pages={2793--2798},
	year={2018}
}
@article{sadat2019privacy,
	title={A privacy-preserving distributed filtering framework for NLP artifacts},
	author={Sadat, Md Nazmus and Al Aziz, Md Momin and Mohammed, Noman and Pakhomov, Serguei and Liu, Hongfang and Jiang, Xiaoqian},
	journal={BMC medical informatics and decision making},
	volume={19},
	number={1},
	pages={1--10},
	year={2019},
	publisher={BioMed Central}
}
